<record><leader>00000cas a22000007a 4500</leader><controlfield tag="001">25612287</controlfield><controlfield tag="008">920408d19241925ctudn ne      0    0eng d</controlfield><datafield ind1=" " ind2=" " tag="010"><subfield code="a">sn 92051228 </subfield></datafield><datafield ind1=" " ind2=" " tag="040"><subfield code="a">CNW</subfield><subfield code="b">eng</subfield><subfield code="c">CNW</subfield><subfield code="d">OCLCQ</subfield><subfield code="d">OCLCF</subfield><subfield code="d">OCLCO</subfield></datafield><datafield ind1=" " ind2=" " tag="042"><subfield code="a">msc</subfield></datafield><datafield ind1=" " ind2=" " tag="043"><subfield code="a">n-us-ct</subfield></datafield><datafield ind1="0" ind2=" " tag="130"><subfield code="a">Bridgeport times (Bridgeport, Conn. : 1924)</subfield></datafield><datafield ind1="1" ind2="4" tag="245"><subfield code="a">The Bridgeport times.</subfield></datafield><datafield ind1=" " ind2=" " tag="260"><subfield code="a">Bridgeport, Conn. :</subfield><subfield code="b">Times Pub. Co.</subfield></datafield><datafield ind1=" " ind2=" " tag="300"><subfield code="a">v.</subfield></datafield><datafield ind1=" " ind2=" " tag="310"><subfield code="a">Daily (except Sun.)</subfield></datafield><datafield ind1="0" ind2=" " tag="362"><subfield code="a">Vol. 60, no. 244 (Oct. 13, 1924)-v. 60, no. 273 (Nov. 15, 1924) ; 135th year, no. 276 (Nov. 17, 1924)-136th year, no. 49 (Feb. 27, 1925).</subfield></datafield><datafield ind1=" " ind2="0" tag="651"><subfield code="a">Bridgeport (Conn.)</subfield><subfield code="v">Newspapers.</subfield></datafield><datafield ind1=" " ind2="7" tag="655"><subfield code="a">Newspapers.</subfield><subfield code="2">fast</subfield><subfield code="0">(OCoLC)fst01423814</subfield></datafield><datafield ind1=" " ind2="7" tag="651"><subfield code="a">Connecticut</subfield><subfield code="z">Bridgeport.</subfield><subfield code="2">fast</subfield><subfield code="0">(OCoLC)fst01209541</subfield></datafield><datafield ind1=" " ind2=" " tag="752"><subfield code="a">United States</subfield><subfield code="b">Connecticut</subfield><subfield code="c">Fairfield</subfield><subfield code="d">Bridgeport.</subfield></datafield><datafield ind1="0" ind2="0" tag="780"><subfield code="t">Bridgeport times and evening farmer</subfield><subfield code="w">(DLC)sn 92051227</subfield><subfield code="w">(OCoLC)25612160</subfield></datafield><datafield ind1="0" ind2="0" tag="785"><subfield code="t">Bridgeport times, Bridgeport evening farmer</subfield><subfield code="w">(DLC)sn 92051229</subfield><subfield code="w">(OCoLC)25612347</subfield></datafield></record>